@misc {joe_2016_rosmod,
title = {ROSMOD: A Toolsuite for Modeling, Generating, Deploying, and Managing Distributed Real-time Component-based Software using ROS},
year = {2016},
author = {Kumar, P.S. and Emfinger, W. and Karsai, G. and Watkins, D. and Gasser, B. and Anilkumar, A.}
}

@misc {isorc2016,
title = {Analysis of Routed Networks with Time-Varying Delays and Capacities},
author = {Emfinger, W. and Karsai, G.},
year = {2016}
}

@misc {rsp_2015_testbed,
title = {A Testbed to Simulate and Analyze Resilient Cyber-Physical Systems},
booktitle = {Rapid System Prototyping Symposium (ESWEEK)},
year = {2015},
author = {Kumar, P.S. and Emfinger, W. and Karsai, G.}
}

@misc{ISIS_F6_ISORC_QOS:15,
 author = {Emfinger, W. and Karsai, G.},
 title = {Modeling Network Medium Access Protocols for Network Quality of Service Analysis},
 year = {2015}
}

@misc{ISIS_F6_CYPHY:14,
 author = {Emfinger, W. and Karsai, G. and Dubey, A. and Gokhale, A.},
 title = {Analysis, Verification, and Management Toolsuite for Cyber-physical Applications on Time-varying Networks},
 year = {2014}
}

@misc {ISIS_F6_RTSS:13,
title = {DREMS: A Toolchain and Platform for the Rapid Application Development, Integration and Deployment of Managed Distributed Real-time Embedded Systems},
year = {2013},
author = {Emfinger, W. and Kumar, P.S. and Dubey, A. and Otte, W. and Gokhale, A. and Karsai, G.}
}

@misc {ISIS_F6_FSW:13,
title = {An application development and deployment platform for satellite clusters},
year = {2013},
author = {Balasubramanian, D. and Emfinger, W. and Kumar, P.S. and Otte, W. and Dubey, A. and Karsai, G.}
}

@misc{levendovszky2013drems,
title={Distributed Real-Time Managed Systems: A Model-Driven Distributed Secure Information Architecture Platform for Managed Embedded Systems}, 
  author={Levendovszky, T. and Dubey, A. and Otte, W. and Balasubramanian, D. and Coglio, A. and Nyako, S. and Emfinger, W. and Kumar, P. and Gokhale, A. and Karsai, G.},
  year={2014}
}

@misc{Dubey2012,
author = {Dubey, A. and Emfinger, W. and Gokhale, A. and Karsai, G. and Otte, W. R. and Parsons, J. and Szabo, C. and Coglio, A. and Smith, E. and Bose, P.},
title = {{A software platform for fractionated spacecraft}},
year = {2012}
}
                  
%% end of file `publications.bib'.
